<record><leader>00000cas a22000007a 4500</leader><controlfield tag="001">17807704</controlfield><controlfield tag="008">880418d194519uulauwr ne      0    0eng d</controlfield><datafield ind1=" " ind2=" " tag="010"><subfield code="a">sn 88064329 </subfield></datafield><datafield ind1=" " ind2=" " tag="040"><subfield code="a">LNP</subfield><subfield code="b">eng</subfield><subfield code="c">LNP</subfield><subfield code="d">OCLCQ</subfield><subfield code="d">OCLCF</subfield><subfield code="d">OCLCO</subfield><subfield code="d">DLC</subfield></datafield><datafield ind1=" " ind2=" " tag="042"><subfield code="a">msc</subfield></datafield><datafield ind1=" " ind2=" " tag="043"><subfield code="a">n-us-la</subfield></datafield><datafield ind1="0" ind2=" " tag="130"><subfield code="a">New Iberia enterprise (New Iberia, La. : 1945)</subfield></datafield><datafield ind1="1" ind2="0" tag="245"><subfield code="a">New Iberia enterprise.</subfield></datafield><datafield ind1=" " ind2=" " tag="260"><subfield code="a">New Iberia, La. :</subfield><subfield code="b">Matthew Parks Vernon</subfield></datafield><datafield ind1=" " ind2=" " tag="310"><subfield code="a">Weekly</subfield></datafield><datafield ind1="1" ind2=" " tag="362"><subfield code="a">Began with Jan. 5, 1945 issue?</subfield></datafield><datafield ind1=" " ind2=" " tag="500"><subfield code="a">Includes: The Jeanerette enterprise, Feb. 2-Nov. 2, 1945.</subfield></datafield><datafield ind1=" " ind2=" " tag="588"><subfield code="a">Description based on: Vol. 59, no. 45 (Jan. 5, 1945).</subfield></datafield><datafield ind1=" " ind2="0" tag="651"><subfield code="a">New Iberia (La.)</subfield><subfield code="v">Newspapers.</subfield></datafield><datafield ind1=" " ind2="7" tag="651"><subfield code="a">Louisiana</subfield><subfield code="z">New Iberia.</subfield><subfield code="2">fast</subfield><subfield code="0">(OCoLC)fst01206431</subfield></datafield><datafield ind1=" " ind2="7" tag="655"><subfield code="a">Newspapers.</subfield><subfield code="2">fast</subfield><subfield code="0">(OCoLC)fst01423814</subfield></datafield><datafield ind1=" " ind2=" " tag="752"><subfield code="a">United States</subfield><subfield code="b">Louisiana</subfield><subfield code="c">Iberia</subfield><subfield code="d">New Iberia.</subfield></datafield><datafield ind1="0" ind2="0" tag="780"><subfield code="t">New Iberia enterprise and independent observer</subfield><subfield code="x">2377-8199</subfield><subfield code="w">(DLC)sn 88064328</subfield><subfield code="w">(OCoLC)17807784</subfield></datafield><datafield ind1="0" ind2="4" tag="785"><subfield code="t">Daily Iberian (New Iberia, La. : 1946)</subfield><subfield code="w">(DLC)sn 88064324</subfield></datafield><datafield ind1="1" ind2=" " tag="029"><subfield code="a">AU@</subfield><subfield code="b">000020502681</subfield></datafield></record>